@book{RussellNorvig,
 author = {Russell, Stuart and Norvig, Peter},
 title = {Artificial Intelligence: A Modern Approach},
 year = {2009},
 isbn = {0136042597, 9780136042594},
 edition = {3rd},
 publisher = {Prentice Hall Press},
 address = {Upper Saddle River, NJ, USA},
}

@article{Keshav,
 author = {Keshav, S.},
 title = {How to Read a Paper},
 journal = {SIGCOMM Comput. Commun. Rev.},
 issue_date = {July 2007},
 volume = {37},
 number = {3},
 month = jul,
 year = {2007},
 issn = {0146-4833},
 pages = {83--84},
 numpages = {2},
 url = {http://blizzard.cs.uwaterloo.ca/keshav/home/Papers/data/07/paper-reading.pdf},
 doi = {10.1145/1273445.1273458},
 acmid = {1273458},
 publisher = {ACM},
 address = {New York, NY, USA},
 keywords = {hints, paper, reading},
}

@article{Turing,
 ISSN = {00264423, 14602113},
 URL = {http://www.jstor.org/stable/2251299},
 author = {A. M. Turing},
 journal = {Mind},
 number = {236},
 pages = {433-460},
 publisher = {[Oxford University Press, Mind Association]},
 title = {Computing Machinery and Intelligence},
 volume = {59},
 year = {1950}
}

@article{Horvitz,
 author = {Horvitz, Eric J. and Breese, John S. and Henrion, Max},
 title = {Decision Theory in Expert Systems and Artificial Intelligence},
 journal = {Int. J. Approx. Reasoning},
 issue_date = {July 1988},
 volume = {2},
 number = {3},
 month = jul,
 year = {1988},
 issn = {0888-613X},
 pages = {247--302},
 numpages = {56},
 url = {http://dx.doi.org/10.1016/0888-613X(88)90120-X},
 doi = {10.1016/0888-613X(88)90120-X},
 acmid = {49122},
 publisher = {Elsevier Science Inc.},
 address = {New York, NY, USA},
}

@inproceedings{KorfSchultze,
 author = {Korf, Richard E. and Schultze, Peter},
 title = {Large-scale Parallel Breadth-first Search},
 booktitle = {Proceedings of the 20th National Conference on Artificial Intelligence - Volume 3},
 series = {AAAI'05},
 year = {2005},
 isbn = {1-57735-236-x},
 location = {Pittsburgh, Pennsylvania},
 pages = {1380--1385},
 numpages = {6},
 url = {http://dl.acm.org/citation.cfm?id=1619499.1619555},
 acmid = {1619555},
 publisher = {AAAI Press},
}

@inproceedings{Selman:1992,
 author = {Selman, Bart and Levesque, Hector and Mitchell, David},
 title = {A New Method for Solving Hard Satisfiability Problems},
 booktitle = {Proceedings of the Tenth National Conference on Artificial Intelligence},
 series = {AAAI'92},
 year = {1992},
 isbn = {0-262-51063-4},
 location = {San Jose, California},
 pages = {440--446},
 numpages = {7},
 url = {http://dl.acm.org/citation.cfm?id=1867135.1867203},
 acmid = {1867203},
 publisher = {AAAI Press},
}

@article{MintonEtAl,
 author = {Minton, Steven and Johnston, Mark D. and Philips, Andrew B. and Laird, Philip},
 title = {Minimizing Conflicts: A Heuristic Repair Method for Constraint Satisfaction and Scheduling Problems},
 journal = {Artif. Intell.},
 issue_date = {Dec. 1992},
 volume = {58},
 number = {1-3},
 month = dec,
 year = {1992},
 issn = {0004-3702},
 pages = {161--205},
 numpages = {45},
 url = {http://dx.doi.org/10.1016/0004-3702(92)90007-K},
 doi = {10.1016/0004-3702(92)90007-K},
 acmid = {141453},
 publisher = {Elsevier Science Publishers Ltd.},
 address = {Essex, UK},
}

@inproceedings{FrankEtAl,
 author = {Frank, Ian and Basin, David and Matsubara, Hitoshi},
 title = {Finding Optimal Strategies for Imperfect Information Games},
 booktitle = {Proceedings of the Fifteenth National/Tenth Conference on Artificial Intelligence/Innovative Applications of Artificial Intelligence},
 series = {AAAI '98/IAAI '98},
 year = {1998},
 isbn = {0-262-51098-7},
 location = {Madison, Wisconsin, USA},
 pages = {500--507},
 numpages = {8},
 url = {http://dl.acm.org/citation.cfm?id=295240.295724},
 acmid = {295724},
 publisher = {American Association for Artificial Intelligence},
 address = {Menlo Park, CA, USA},
}

@inproceedings{Pearl,
 author = {Pearl, Judea},
 title = {Reverend Bayes on Inference Engines: A Distributed Hierarchical Approach},
 booktitle = {Proceedings of the Second AAAI Conference on Artificial Intelligence},
 series = {AAAI'82},
 year = {1982},
 location = {Pittsburgh, Pennsylvania},
 pages = {133--136},
 numpages = {4},
 url = {http://dl.acm.org/citation.cfm?id=2876686.2876719},
 acmid = {2876719},
 publisher = {AAAI Press},
}

@article{SilverEtAl,
title = {Mastering the game of Go with deep neural networks and tree search},
author  = {David Silver and Aja Huang and Christopher J. Maddison and Arthur Guez and Laurent Sifre and George van den Driessche and Julian Schrittwieser and Ioannis Antonoglou and Veda Panneershelvam and Marc Lanctot and Sander Dieleman and Dominik Grewe and John Nham and Nal Kalchbrenner and Ilya Sutskever and Timothy Lillicrap and Madeleine Leach and Koray Kavukcuoglu and Thore Graepel and Demis Hassabis},
year  = {2016},
URL = {http://www.nature.com/nature/journal/v529/n7587/full/nature16961.html},
journal = {Nature},
pages = {484--503},
volume  = {529}
}
