@article{Fayyad,
 author = {Fayyad, Usama M. and Irani, Keki B.},
 title = {On the Handling of Continuous-Valued Attributes in Decision Tree Generation},
 journal = {Mach. Learn.},
 issue_date = {Jan. 1992},
 volume = {8},
 number = {1},
 month = jan,
 year = {1992},
 issn = {0885-6125},
 pages = {87--102},
 numpages = {16},
 url = {http://dx.doi.org/10.1023/A:1022638503176},
 doi = {10.1023/A:1022638503176},
 acmid = {145251},
 publisher = {Kluwer Academic Publishers},
 address = {Hingham, MA, USA},
 keywords = {Induction, classification, decision trees, discretization, empirical concept learning, information entropy minimization},
}
